@book{b3, 
 author={ FOROUZAN, B. A. : tradução Glayson Eduardo de Figueiredo, Pollyanna Miranda de Abreu}, 
 title={ Comunicação de dados e redes de computadores }, 
 address={ Porto Alegre }, 
 edition={ 3a. }, 
 publisher={ Bookman }, 
 pages={ 840p. }, 
 year={ 2006 }, 
 isbn={8536306149 } }

@book{b9, 
 author={ Arnett, M. F.  }, 
 title={ Inside TCP/IP }, 
 address={ Indianapolis }, 
 edition={ 2a. }, 
 publisher={ New Riders }, 
 pages={ 582 }, 
 year={ 1995 }, 
 isbn={1562054503 } }

@book{b10, 
 author={ Pioro, M.; Deepankar, M. }, 
 title={ Routing, flow, and capacity design in communication and computer networks }, 
 address={ San Francisco }, 
 edition={ 1a. }, 
 publisher={ Elsevier}, 
 pages={ 765}, 
 year={ 2004 }, 
 isbn={0125571895 } }

@book{b11, 
 author={ Gasparini, A. F. L.; Barrella, F. E.  }, 
 title={ TCP/IP : solucao para conectividade }, 
 address={ São Paulo }, 
 edition={ 2a. }, 
 publisher={ Erica }, 
 pages={ 310 }, 
 year={ 1994 }, 
 isbn={8571941831 } }


@book{b13, 
 author={ Terplan, Kornel  }, 
 title={ Communication networks management }, 
 address={ Englewood Cliffs, N. J. }, 
 edition={ 2a }, 
 publisher={ Prentice-Hall }, 
 pages={ 702 }, 
 year={ 1992 }, 
 isbn={0131518380 } }

@book{b14, 
 author={ Peterson, L. L.; Davie, B. S. }, 
 title={ Computer networks : a systems approach }, 
 address={ San Francisco }, 
 edition={ 1a. }, 
 publisher={ Morgan Kaufmann }, 
 pages={ 552 }, 
 year={ 1996 }, 
 isbn={1558603689 } }

@book{b15, 
 author={ Tanenbaum, A. S. }, 
 title={ Computer networks }, 
 address={ Upper Saddle River }, 
 edition={ 4a. }, 
 publisher={ Prentice Hall }, 
 pages={ 891}, 
 year={ 2003 }, 
 isbn={0130661023 } }

@book{b16, 
 author={ Stang, David J.; Moon, S. : tradução: Claudio Lobo }, 
 title={ Segredos de segurança em rede }, 
 address={ Rio de Janeiro }, 
 edition={ 1a.}, 
 publisher={ Berkeley }, 
 pages={ 986 }, 
 year={ 1994 }, 
 isbn={8572512152 } }

@book{b17, 
 author={ Caruso, Carlos A. A. }, 
 title={ Segurança em microinformatica e em redes locais }, 
 address={ Rio de Janeiro }, 
 edition={ 1a. }, 
 publisher={ LTC - LIVROS TECNICOS E CIENTIFICOS }, 
 pages={ 60}, 
 year={ 1993 }, 
 isbn={852160968X } }

@book{b18, 
 author={ Stallings, William }, 
 title={ Cryptography and network security : principles and practice }, 
 address={ Upper Saddle River,NJ }, 
 edition={ 2a. }, 
 publisher={ Prentice Hall }, 
 pages={ 569}, 
 year={ 1999 }, 
 isbn={0138690170 } }

@book{b19, 
 author={ McClure, Stuart }, 
 title={ Hacking exposed : network security secrets and solutions }, 
 address={ New York }, 
 edition={ 3a. }, 
 publisher={ Osborne/McGraw-Hill }, 
 pages={ 729}, 
 year={ 2001 }, 
 isbn={0072193816 } }
 
 @book{ b20,
author={Torres, G.},
title={Redes de Computadores: Curso Completo},
year={2001},
address={São Paulo},
publisher={Axcel Books do Brasil},
pages={644},
isbn={8573231440} }
